@online{osmrelation,
author = {OSM Wiki},
title = {DE:Relationen},
year = {2015},
url = {https://wiki.openstreetmap.org/wiki/DE:Relationen},
OPTsubtitle = {•},
OPTtitleaddon = {•},
OPTlanguage = {•},
OPTversion = {•},
OPTnote = {•},
OPTorganization = {•},
OPTdate = {•},
OPTmonth = {•},
OPTaddendum = {•},
OPTpubstate = {•},
OPTurldate = {•},
}
@inbook{osmgraph,
author = {Karl Rehrl, Karl-Michael Edlinger, Andreas Friedwagner, Benedikt Hahn, Thomas Langhaler, Andreas Wagner, Michael Wimmer},
title = {Evaluierung von Verkehrsgraphen für die Berechnung von länderübergreifenden Erreichbarkeitspotenzialen am Beispiel von OpenStreetMap},
booktitle = {Angewandte Geoinformatik 2012},
year = {2012},
OPTbookauthor = {Josef Strobl, Thomas Blaschke, Gerald Griesebner},
OPTeditor = {•},
OPTeditora = {•},
OPTeditorb = {•},
OPTeditorc = {•},
OPTtranslator = {•},
OPTannotator = {•},
OPTcommentator = {•},
OPTintroduction = {•},
OPTforeword = {•},
OPTafterword = {•},
OPTsubtitle = {•},
OPTtitleaddon = {•},
OPTmaintitle = {•},
OPTmainsubtitle = {•},
OPTmaintitleaddon = {•},
OPTbooksubtitle = {Beiträge zum 24. AGIT-Symposium Salzburg},
OPTbooktitleaddon = {•},
OPTlanguage = {•},
OPToriglanguage = {•},
OPTvolume = {•},
OPTpart = {•},
OPTedition = {•},
OPTvolumes = {•},
OPTseries = {•},
OPTnumber = {•},
OPTnote = {•},
OPTpublisher = {•},
OPTlocation = {•},
OPTisbn = {•},
OPTchapter = {•},
OPTpages = {118--127},
OPTaddendum = {•},
OPTpubstate = {•},
OPTdoi = {•},
OPTeprint = {•},
OPTeprintclass = {•},
OPTeprinttype = {•},
OPTurl = {•},
OPTurldate = {•},
}

@thesis{neis_doktor,
author = {Pascal Neis},
title = {Routenplaner für einen Emergency Route Service auf Basis der OpenLS^{TM} Spezifikation},
type = {phdthesis},
institution = {Fachhochschule Mainz},
year = {2006},
OPTsubtitle = {•},
OPTtitleaddon = {•},
OPTlanguage = {•},
OPTnote = {•},
OPTlocation = {•},
OPTmonth = {•},
OPTisbn = {•},
OPTchapter = {•},
OPTpages = {•},
OPTpagetotal = {•},
OPTaddendum = {•},
OPTpubstate = {•},
OPTdoi = {•},
OPTeprint = {•},
OPTeprintclass = {•},
OPTeprinttype = {•},
OPTurl = {http://neis-one.org/wp-content/uploads/2010/05/Diplomarbeit\_Neis.pdf},
OPTurldate = {•},
}

@inbook{isos,
author = {Pascal Neis, Alexander Zipf, Rainer Helsper, Alexander Kehl},
title = {Webbasierte Erreichbarkeitsanalyse – Vorschläge zur Definition eines Accessibility Analysis Service
(AAS) auf Basis des OpenLS Route Service},
booktitle = {Aktuelle Arbeiten auf dem Gebiet der informations- und Messtechnik},
year = {2008},
OPTbookauthor = {Frank Boochs, Jörg Klonowski, Hartmut Müller},
OPTeditor = {•},
OPTeditora = {•},
OPTeditorb = {•},
OPTeditorc = {•},
OPTtranslator = {•},
OPTannotator = {•},
OPTcommentator = {•},
OPTintroduction = {•},
OPTforeword = {•},
OPTafterword = {•},
OPTsubtitle = {•},
OPTtitleaddon = {•},
OPTmaintitle = {•},
OPTmainsubtitle = {•},
OPTmaintitleaddon = {•},
OPTbooksubtitle = {•},
OPTbooktitleaddon = {•},
OPTlanguage = {•},
OPToriglanguage = {•},
OPTvolume = {•},
OPTpart = {•},
OPTedition = {•},
OPTvolumes = {•},
OPTseries = {Schriftenreihe Informations- und Messtechnik},
OPTnumber = {7},
OPTnote = {•},
OPTpublisher = {•},
OPTlocation = {•},
OPTisbn = {•},
OPTchapter = {•},
OPTpages = {88--105},
OPTaddendum = {•},
OPTpubstate = {•},
OPTdoi = {•},
OPTeprint = {•},
OPTeprintclass = {•},
OPTeprinttype = {•},
OPTurl = {http://www.geog.uni-heidelberg.de/md/chemgeo/geog/gis/corp07-aas-pn-az-final.pdf},
OPTurldate = {•},
}

@inbook{dijkstra,
author = {Edsger W. Dijkstra},
title = {A note on two problems in connexion with graphs},
booktitle = {Numerische Mathematik 1},
year = {1959},
OPTbookauthor = {•},
OPTeditor = {•},
OPTeditora = {•},
OPTeditorb = {•},
OPTeditorc = {•},
OPTtranslator = {•},
OPTannotator = {•},
OPTcommentator = {•},
OPTintroduction = {•},
OPTforeword = {•},
OPTafterword = {•},
OPTsubtitle = {•},
OPTtitleaddon = {•},
OPTmaintitle = {•},
OPTmainsubtitle = {•},
OPTmaintitleaddon = {•},
OPTbooksubtitle = {•},
OPTbooktitleaddon = {•},
OPTlanguage = {•},
OPToriglanguage = {•},
OPTvolume = {•},
OPTpart = {•},
OPTedition = {•},
OPTvolumes = {•},
OPTseries = {•},
OPTnumber = {•},
OPTnote = {•},
OPTpublisher = {•},
OPTlocation = {•},
OPTisbn = {•},
OPTchapter = {•},
OPTpages = {269–271},
OPTaddendum = {•},
OPTpubstate = {•},
OPTdoi = {•},
OPTeprint = {•},
OPTeprintclass = {•},
OPTeprinttype = {•},
OPTurl = {http://www-m3.ma.tum.de/foswiki/pub/MN0506/WebHome/dijkstra.pdf},
OPTurldate = {•},
}

@online{bedarfsplan,
author = {Jochen Stein},
title = {Qualitätskriterien für die Bedarfsplanung von Feuerwehren in Städten},
year = {2015},
url = {http://www.agbf.de/pdf/Fortschreibung%20der%20Empfehlung%20der%20Qualitaetskriterien%20fuer%20die%20Bedarfsplanung%20in%20Staedten%20Layout%20neu%202016.pdf},
OPTsubtitle = {•},
OPTtitleaddon = {•},
OPTlanguage = {german},
OPTversion = {•},
OPTnote = {•},
OPTorganization = {AGBF-Bund},
OPTdate = {•},
OPTmonth = {•},
OPTaddendum = {•},
OPTpubstate = {•},
OPTurldate = {•},
}

@online{routing,
author = {Dudenredaktion},
title = {"Routing" auf Duden online},
year = {o.J.},
url = {http://www.duden.de/node/715430/revisions/1370724/view},
OPTsubtitle = {•},
OPTtitleaddon = {•},
OPTlanguage = {•},
OPTversion = {•},
OPTnote = {•},
OPTorganization = {•},
OPTdate = {•},
OPTmonth = {•},
OPTaddendum = {•},
OPTpubstate = {•},
OPTurldate = {•},
}

@book{kurt,
author = {Kurt Mehlhorn, Peter Sanders},
title = {Algorithms and Data Structures},
year = {2008},
OPTeditor = {•},
OPTeditora = {•},
OPTeditorb = {•},
OPTeditorc = {•},
OPTtranslator = {•},
OPTannotator = {•},
OPTcommentator = {•},
OPTintroduction = {•},
OPTforeword = {•},
OPTafterword = {•},
OPTsubtitle = {The Basic Toolbox},
OPTtitleaddon = {•},
OPTmaintitle = {•},
OPTmainsubtitle = {•},
OPTmaintitleaddon = {•},
OPTlanguage = {•},
OPToriglanguage = {•},
OPTvolume = {•},
OPTpart = {•},
OPTedition = {•},
OPTvolumes = {•},
OPTseries = {•},
OPTnumber = {•},
OPTnote = {•},
OPTpublisher = {Springer},
OPTlocation = {•},
OPTisbn = {•},
OPTchapter = {•},
OPTpages = {•},
OPTpagetotal = {•},
OPTaddendum = {•},
OPTpubstate = {•},
OPTdoi = {•},
OPTeprint = {•},
OPTeprintclass = {•},
OPTeprinttype = {•},
OPTurl = {•},
OPTurldate = {•},
}

@book{theory,
author = {Martin Aigner},
title = {Graphentheorie},
year = {2015},
OPTeditor = {•},
OPTeditora = {•},
OPTeditorb = {•},
OPTeditorc = {•},
OPTtranslator = {•},
OPTannotator = {•},
OPTcommentator = {•},
OPTintroduction = {•},
OPTforeword = {•},
OPTafterword = {•},
OPTsubtitle = {•},
OPTtitleaddon = {•},
OPTmaintitle = {•},
OPTmainsubtitle = {Eine Einführung aus dem 4-Farben Problem},
OPTmaintitleaddon = {•},
OPTlanguage = {•},
OPToriglanguage = {•},
OPTvolume = {•},
OPTpart = {•},
OPTedition = {2},
OPTvolumes = {•},
OPTseries = {•},
OPTnumber = {•},
OPTnote = {•},
OPTpublisher = {Springer Spektrum},
OPTlocation = {•},
OPTisbn = {•},
OPTchapter = {•},
OPTpages = {•},
OPTpagetotal = {•},
OPTaddendum = {•},
OPTpubstate = {•},
OPTdoi = {•},
OPTeprint = {•},
OPTeprintclass = {•},
OPTeprinttype = {•},
OPTurl = {•},
OPTurldate = {•},
}

@book{geoinf,
author = {Norbert Bartelme},
title = {Geoinformatik},
year = {2000},
OPTeditor = {•},
OPTeditora = {•},
OPTeditorb = {•},
OPTeditorc = {•},
OPTtranslator = {•},
OPTannotator = {•},
OPTcommentator = {•},
OPTintroduction = {•},
OPTforeword = {•},
OPTafterword = {•},
OPTsubtitle = {•},
OPTtitleaddon = {•},
OPTmaintitle = {•},
OPTmainsubtitle = {Modelle, Strukturen, Funktionen},
OPTmaintitleaddon = {•},
OPTlanguage = {•},
OPToriglanguage = {•},
OPTvolume = {•},
OPTpart = {•},
OPTedition = {3},
OPTvolumes = {•},
OPTseries = {•},
OPTnumber = {•},
OPTnote = {•},
OPTpublisher = {•},
OPTlocation = {•},
OPTisbn = {3-540-65988-9},
OPTchapter = {•},
OPTpages = {•},
OPTpagetotal = {•},
OPTaddendum = {•},
OPTpubstate = {•},
OPTdoi = {•},
OPTeprint = {•},
OPTeprintclass = {•},
OPTeprinttype = {•},
OPTurl = {•},
OPTurldate = {•},
}
